@article{km02,
  title = {{Stallings Foldings and Subgroups of Free Groups}},
  journal = "Journal of Algebra",
  volume = "248",
  number = "2",
  pages = "608--668",
  year = "2002",
  note = "",
  issn = "0021-8693",
  doi = "10.1006/jabr.2001.9033",
  url = "http://www.sciencedirect.com/science/article/pii/S0021869301990337",
  author = "Ilya Kapovich and Alexei Myasnikov"
}

@article{touikan06,
  author = {{Nicholas W. M. Touikan}},
  title = {{A Fast Algorithm for Stallings' Folding Process}},
  journal = {Int. J. Algebra Comput.},
  volume = {16},
  issue = {6},
  year = {2006},
  doi = {10.1142/S0218196706003396},
  url = {http://www.worldscientific.com/doi/abs/10.1142/S0218196706003396}
}

@article{stallings83,
  year = {1983},
  issn = {0020-9910},
  journal = {Inventiones Mathematicae},
  volume = {71},
  issue = {3},
  doi = {10.1007/BF02095993},
  title = {Topology of finite graphs},
  url = {http://dx.doi.org/10.1007/BF02095993},
  doi = {10.1007/BF02095993},
  publisher = {Springer-Verlag},
  author = {Stallings, John R.},
  pages = {551--565},
  language = {English}
}

@book{ghr95,
  author = {Raymond Greenlaw and H. James Hoover and Walter L. Ruzzo},
  title = {{Limits to Parallel Computation: P-completeness Theory}},
  year = {1995},
  publisher = {Oxford University Press},
  address = {New York}
}

@incollection{gs05,
  year = {2005},
  isbn = {978-3-540-24998-6},
  booktitle = {STACS 2005},
  volume = {3404},
  series = {Lecture Notes in Computer Science},
  editor = {Diekert, Volker and Durand, Bruno},
  doi = {10.1007/978-3-540-31856-9_33},
  title = {{Minimizing NFAs and Regular Expressions}},
  url = {http://dx.doi.org/10.1007/978-3-540-31856-9_33},
  publisher = {Springer Berlin Heidelberg},
  keywords = {Automata and Formal Languages; Computational Complexity; Approximability},
  author = {Gramlich, Gregor and Schnitger, Georg},
  pages = {399--411}
}
