@article{km02,
  title = {{Stallings Foldings and Subgroups of Free Groups}},
  journal = {Journal of Algebra},
  volume = 248,
  number = 2,
  pages = {608--668},
  year = 2002,
  issn = {0021-8693},
  doi = {10.1006/jabr.2001.9033},
  author = {Ilya Kapovich and Alexei Myasnikov}
}

@article{touikan06,
  author = {{Nicholas W. M. Touikan}},
  title = {{A Fast Algorithm for Stallings' Folding Process}},
  journal = {International Journal of Algebra and Computation},
  volume = 16,
  issue = 6,
  year = 2006,
  doi = {10.1142/S0218196706003396},
}

@article{stallings83,
  year = 1983,
  issn = {0020-9910},
  journal = {Inventiones Mathematicae},
  volume = 71,
  issue = 3,
  doi = {10.1007/BF02095993},
  title = {Topology of finite graphs},
  doi = {10.1007/BF02095993},
  publisher = {Springer-Verlag},
  author = {Stallings, John R.},
  pages = {551--565},
  language = {English}
}

@book{ghr95,
  author = {Raymond Greenlaw and H. James Hoover and Walter L. Ruzzo},
  title = {{Limits to Parallel Computation: P-completeness Theory}},
  year = 1995,
  publisher = {Oxford University Press},
  address = {New York},
  isbn = 0195358902
}

@article{am84,
  author    = {JÃ¼rgen Avenhaus and Klaus Madlener},
  title     = {{The Nielsen Reduction and P-Complete Problems in Free Groups}},
  journal   = {Theoretical Computer Science},
  volume    = 32,
  year      = 1984,
  pages     = {61--76},
  doi       = {10.1016/0304-3975(84)90024-0},
  ee        = {http://dx.doi.org/10.1016/0304-3975(84)90024-0},
  bibsource = {DBLP, http://dblp.uni-trier.de}
}

@book{ls77,
  title = {{Combinatorial Group Theory}},
  author = {Roger Lyndon and Paul Schupp},
  year = 1977,
  publisher = {Springer-Verlag},
  isbn = 3540076425,
}

@book{savage98,
  author = {John E. Savage},
  title = {Models of Computation: Exploring the Power of Computing},
  year = 1998,
  publisher = {Addison-Wesley}
}

@article{cg12,
  title = {Sets of primitive elements in a free group},
  author = {Clifford, A. and Goldstein, R. Z.},
  journal = {Journal of Algebra},
  volume = 357,
  pages = {271--278},
  year = 2012,
  publisher = {Elsevier},
  issn = {0021-8693},
  doi = {10.1016/j.jalgebra.2012.01.033}
}
